<?xml version="1.0" encoding="UTF-8"?><collection xmlns="http://www.loc.gov/MARC21/slim"><record><leader>00572nam--2200205-i-4500</leader><controlfield tag="001">000012639</controlfield><controlfield tag="002">20161230</controlfield><controlfield tag="005">20161230201029</controlfield><controlfield tag="008">060222s1000------------r-----000-0-eng-d</controlfield><datafield ind1=" " ind2=" " tag="020"><subfield code="a">0713133589</subfield></datafield><datafield ind1=" " ind2=" " tag="040"><subfield code="a">IFIN-HH</subfield></datafield><datafield ind1=" " ind2=" " tag="080"><subfield code="a">537.311.322:539.1.074.55:537.561.538.9</subfield></datafield><datafield ind1="1" ind2=" " tag="100"><subfield code="a">Carter, G</subfield></datafield><datafield ind1="1" ind2="0" tag="245"><subfield code="a">Ion implantation of semiconductors</subfield><subfield code="c">G. carter, w.a. grant</subfield></datafield><datafield ind1=" " ind2=" " tag="260"><subfield code="a">London</subfield><subfield code="b">Edward Arnold</subfield><subfield code="c">1976</subfield></datafield><datafield ind1=" " ind2=" " tag="300"><subfield code="a">214 P</subfield></datafield><datafield ind1=" " ind2=" " tag="490"><subfield code="a">Contemporary Electrical Engineering</subfield></datafield><datafield ind1="1" ind2=" " tag="700"><subfield code="a">Grant, W.A</subfield></datafield><datafield ind1=" " ind2=" " tag="852"><subfield code="a">45958</subfield><subfield code="c">537.311.33</subfield></datafield><datafield ind1=" " ind2=" " tag="CAT"><subfield code="a">Sys</subfield><subfield code="c">20110725</subfield><subfield code="h">132822</subfield></datafield></record></collection>